@Article{CC90,
  author =       "E. J. Chikofsky and J. H. Cross",
  title =        "Reverse Engineering and Design Recovery: A Taxonomy",
  journal =      "IEEE Software",
  year =         1990,
  volume =       7,
  number =       1,
  pages =        "13--17",
  publisher =    "IEEE Computer Society Press",
}

@book{Whe95,
  author =	 "Colin Wheildon",
  title =	 "Type \& Layout",
  publisher =	 "Strathmore Press",
  note =	 "(ISBN 0 9624891 5 8)",
  year =	 1995,
}

